%%%%%%%%%% SVN Info %%%%%%%%%%%%%%%%%%%%%%%%%%%%%%%%%%%%%%%%
%% $Date: 2020-02-05 16:17:49 +0100 (Mi, 05 Feb 2020) $
%% $Author: cmueller $
%% $Rev: 5 $
%%%%%%%%%%%%%%%%%%%%%%%%%%%%%%%%%%%%%%%%%%%%%%%%%%%%%%%%%%%%
\svnInfo $Id: bibliography.bib 5 2020-02-05 15:17:49Z cmueller $ 

@inproceedings{schaefer2024,
  title={R+R: Revisiting Graph Matching Attacks on Privacy-Preserving Record Linkage},
  author={Jochen Sch√§fer and Frederik Armknecht and Youzhe Heng},
  booktitle={Proceedings of [Conference Name, if available]},
  year={2024},
  organization={University of Mannheim},
  note={Available at: https://github.com/SchaeferJ/graphMatching}
}

@inproceedings{vidanage2020graph,
  title={A graph matching attack on privacy-preserving record linkage},
  author={Vidanage, Anushka and Christen, Peter and Ranbaduge, Thilina and Schnell, Rainer},
  booktitle={Proceedings of the 29th ACM International Conference on Information \& Knowledge Management},
  pages={1485--1494},
  year={2020}
}

@article{pathak2024privacy,
  title={Privacy preserving record linkage for public health action: opportunities and challenges},
  author={Pathak, Aditi and Serrer, Laina and Zapata, Daniela and King, Raymond and Mirel, Lisa B and Sukalac, Thomas and Srinivasan, Arunkumar and Baier, Patrick and Bhalla, Meera and David-Ferdon, Corinne and others},
  journal={Journal of the American Medical Informatics Association},
  volume={31},
  number={11},
  pages={2605--2612},
  year={2024},
  publisher={Oxford University Press}
}

@article{fellegi1969theory,
  title={A theory for record linkage},
  author={Fellegi, Ivan P and Sunter, Alan B},
  journal={Journal of the American Statistical Association},
  volume={64},
  number={328},
  pages={1183--1210},
  year={1969},
  publisher={Taylor \& Francis}
}

@article{isaak2018user,
  title={User data privacy: Facebook, Cambridge Analytica, and privacy protection},
  author={Isaak, Jim and Hanna, Mina J},
  journal={Computer},
  volume={51},
  number={8},
  pages={56--59},
  year={2018},
  publisher={IEEE}
}

@article{bloom1970space,
  title={Space/time trade-offs in hash coding with allowable errors},
  author={Bloom, Burton H},
  journal={Communications of the ACM},
  volume={13},
  number={7},
  pages={422--426},
  year={1970},
  publisher={ACM New York, NY, USA}
}

@article{schnell2009privacy,
  title={Privacy-preserving record linkage using Bloom filters},
  author={Schnell, Rainer and Bachteler, Tobias and Reiher, J{\"o}rg},
  journal={BMC medical informatics and decision making},
  volume={9},
  pages={1--11},
  year={2009},
  publisher={Springer}
}

@inproceedings{broder1997resemblance,
  title={On the resemblance and containment of documents},
  author={Broder, Andrei Z},
  booktitle={Proceedings. Compression and Complexity of SEQUENCES 1997 (Cat. No. 97TB100171)},
  pages={21--29},
  year={1997},
  organization={IEEE}
}

@article{vatsalan2017privacy,
  title={Privacy-preserving record linkage for big data: Current approaches and research challenges},
  author={Vatsalan, Dinusha and Sehili, Ziad and Christen, Peter and Rahm, Erhard},
  journal={Handbook of big data technologies},
  pages={851--895},
  year={2017},
  publisher={Springer}
}
